<record><leader>00000cas a22000007a 4500</leader><controlfield tag="001">30055841</controlfield><controlfield tag="008">940330d19921992ctuwr ne      0    0eng d</controlfield><controlfield tag="009">14297</controlfield><datafield ind1=" " ind2=" " tag="010"><subfield code="a">sn 94053039 </subfield></datafield><datafield ind1=" " ind2=" " tag="040"><subfield code="a">CNW</subfield><subfield code="b">eng</subfield><subfield code="c">CNW</subfield><subfield code="d">OCLCQ</subfield></datafield><datafield ind1="1" ind2=" " tag="029"><subfield code="a">AU@</subfield><subfield code="b">000025870889</subfield></datafield><datafield ind1=" " ind2=" " tag="042"><subfield code="a">msc</subfield></datafield><datafield ind1="0" ind2=" " tag="130"><subfield code="a">Mirror journal (Mystic, Conn. : 1992)</subfield></datafield><datafield ind1="0" ind2="0" tag="245"><subfield code="a">Mirror journal.</subfield></datafield><datafield ind1=" " ind2=" " tag="260"><subfield code="a">Mystic, Conn. :</subfield><subfield code="b">William T.S. Butler</subfield></datafield><datafield ind1=" " ind2=" " tag="300"><subfield code="a">v.</subfield></datafield><datafield ind1=" " ind2=" " tag="310"><subfield code="a">Weekly</subfield></datafield><datafield ind1="0" ind2=" " tag="362"><subfield code="a">Mirror vol. 81, journal v. 91, no. 1 (Jan. 9, 1992)-</subfield></datafield><datafield ind1="1" ind2=" " tag="362"><subfield code="a">Ceased in 1992.</subfield></datafield><datafield ind1=" " ind2=" " tag="500"><subfield code="a">Published an introductory front page only: Vol. 91, no. 00 (Oct. 25, 1991).</subfield></datafield><datafield ind1=" " ind2="4" tag="651"><subfield code="a">Mystic (Conn.)</subfield><subfield code="v">Newspapers.</subfield></datafield><datafield ind1=" " ind2="4" tag="651"><subfield code="a">Stonington (Conn.)</subfield><subfield code="v">Newspapers.</subfield></datafield><datafield ind1=" " ind2="4" tag="651"><subfield code="a">Groton (Conn.)</subfield><subfield code="v">Newspapers.</subfield></datafield><datafield ind1=" " ind2="4" tag="651"><subfield code="a">Ledyard (Conn.)</subfield><subfield code="v">Newspapers.</subfield></datafield><datafield ind1=" " ind2=" " tag="752"><subfield code="a">United States</subfield><subfield code="b">Connecticut</subfield><subfield code="c">New London</subfield><subfield code="d">Mystic.</subfield></datafield></record>